@STRING{ IEEENS =  {IEEE Trans. Nucl. Sci.} }
@STRING{ IEECAN =  {IEEE Canadian Review} }
@STRING{ NIMB  =  {Nucl. Instr. Methods B} }
@STRING{ NIMA  =  {Nucl. Instr. Methods A} }
@STRING{ NIM   =  {Nucl. Instr. Methods} }
@STRING{ SEM   =  {Scan. Electr. Micr.} }
@STRING{ ZFPA  =  {Z. Phys. A} }
@STRING{ ADVEEP=  {Adv. Elec. Electron Phys.}}
@STRING{ APPLPL=  {Appl. Phys. Lett.}}
@STRING{ JRACHEM=  {J. Radioanal. Chem.}}
@STRING{ JJAP=  {Jpn. J. Appl. Phys.}}
@STRING{ JMIC=  {J. Microsc.}}
@STRING{ JPD= {J. Phys. D: Appl. Phys.}}

%%%%%%%%%%%%%%%%%%%%%%%%%%%%%%%%%%%%%%%%%%%%%%%%%%%%%%%%%%%%%%%%%%%%
%%% first some examples as templates for different reftypes:


@mastersthesis{ein-verbes:1994,
   author    = {J. Adamczewski},
   title     = {Ein verbessertes Blendensystem f\"ur  
       Mikrostrahluntersuchungen},
   year      = {1994},
   school    = {Ruhr-Universit\"at Bochum},
   journal   = NIMB,
   volume    = {104},
   pages     = {77}
}


@phdthesis{Adamczewski:1999,
   author    = {J. Adamczewski},
   title     = {Entwurf und Inbetriebnahme einer Hochenergi-Ionenmikrosonde
       mit einer Fl\"ussigmetall-Ionenquelle},
   year      = {1999},
   school    = {Ruhr-Universit\"at Bochum},
   journal   = NIMB,
   volume    = {104},
   pages     = {77}
}


@article{Adamczewski:96,
   author    = {J. Adamczewski and D. L\"offelmacher and J. Meijer and A. Stephan and  
       H.H. Bukow and C. Rolfs},
   title     = {Layout of a Nuclear Microprobe Beamline using a Liquid Metal Ion Source},
   journal   = NIMB,
   year      = {1997},
   volume    = {130},
   pages     = {57-63},
   note      = { }
}


@article{optimizati:1996,
   author    = {J. Adamczewski and J. Meijer and A. Stephan and  
       H.H. Bukow and C. Rolfs},
   title     = {Optimization of material and shape for nuclear 
       microprobe apertures},
   journal   = NIMB,
   year      = {1996},
   volume    = {114},
   pages     = {172-184}
}


@article{analytical:1995,
   author    = {J. Adamczewski and H. R\"ocken and J. Meijer and  
       A. Stephan and  H.H. Bukow and C. Rolfs and F. Bruhn},
   title     = {Analytical techniques with a nuclear microprobe},
   journal   = {Fresenius J. Anal. Chemistry},
   year      = {1995},
   volume    = {353},
   pages     = {585-588}
}


@book{fundamenta:1967,
   author    = {Alonso-Finn},
   title     = {Fundamental University Physics},
   year      = {1967},
   publisher = {Addison-Wesley},
   edition   = {Part II: Fields and Waves},
   chapter   = {Part II: Fields and Waves},
   pages     = {635}
}


@incollection{RBS_Baglin:1989,
   author    = {J. E.E. Baglin and J.S. Williams},
   title     = {High Energy Ion Scattering Spectrometry},
   booktitle = {Ion Beams for Materials Analysis},
   year      = {1989},
   editor    = {J.R. Bird and J.S. Williams},
   publisher = {Academic Press},
   address   = {New York},
   series    = {Ion Beams for Materials Analysis}
}


@misc{HWB:1998,
   author    = {H.-W. Becker},
   title     = {Pers\"onliche Mitteilung},
   year      = {1998}
}






@unpublished{trace-elem:1996,
   author    = {F. Bruhn and C. Korte and  J. Meijer and 
       A. Stephan and J. Veizer},
   title     = {Trace element concentrations in conodonts as measured by  
       the Bochum proton microprobe},
   year      = {1996},
   month     = {Nov.},
   note      = {Submitted to: Proceedings of the 5th International Conference on  
       Nuclear Microprobe Technology and Applications, Santa Fe, U.S.A., 
       Nucl. Instr. Methods B},
   journal   = {Abstract. Final Meeting of IGCP Project 293,  
       Geochemical event markers in the Phanerozoic,  
       Erlanger geol. Abh.},
   volume    = {122},
   pages     = {9}
}


@inproceedings{plasma-len:1982,
   author    = {R.C. Connolly and G.E. Sieger and H.W. Lefevre},
   title     = {Plasma lens for an MeV-ion microprobe},
   booktitle = {Proceedings of the symposium of northwestern accelerator  
       personnel},
   organization = {Nuclear Physics Loboratory, University of Washington},
   year      = {1982}
}



@manual{trim--the-:1995,
   author    = {J.F. Ziegler},
   title     = {TRIM -The TRansport of Ions in Matter},
   year      = {1995},
   edition   = {Version 95.4}
}

%%%%%%%%%%%%%%%%%%%%%%%%%%%%%%%%%%%%%%%%%%%%%%%%%%%%%%%%%%%%%%%%%%%%
%%% start of DABC literature here:


@misc{AbbDescription,
   author    = {Andreas Kugel and Wenxue Gao and Guillermo Marcus},
   title     = {The Active Buffer Board online documentation, \hyperref{http://cbm-wiki.gsi.de/cgi-bin/view/DAQ/ActiveBufferBoardV1}{}{}{http://cbm-wiki.gsi.de/cgi-bin/view/DAQ/ActiveBufferBoardV1}},
   year      = {2008},
   institution = {The CBM collaboration}
   
}

@unpublished{Armor-paper,
   author    = {K. Whisnant and R.K. Iyer and Z. Kalbarczyk and P.~Jones},
   title     = {The Effects of an ARMOR-based SIFT Environment on the Performance and Dependability of User Applications},
   journal   = {University of Illinois},
   year      = {2006},
   volume    = { },
   pages     = { },
   note      = { }
}


@article{Armor-survey,
   author    = {Y. Liu and P. Sinha},
   title     = {A Survey Of Generic Architectures For Dependable Systems},
   journal   = IEECAN,
   year      = {Spring 2003},
   volume    = { },
   pages     = { },
   note      = { }
}

@techreport{CBM-stat-rep,
   author    = {{CBM collaboration}},
   title     = {CBM Experiment: Technical Status Report},
   institution = {GSI},
   year      = {January 2005},
   type      = {},
   note      = {}
}



@misc{DIM,
   author    = {Clara Gaspar},
   title     = {DIM - Distributed Information Management System  \hyperref{http://dim.web.cern.ch/dim/}{}{}{http://dim.web.cern.ch/dim/}},
   year      = {2008},
   institution = {CERN},
}


@misc{EPICS,
   author    = {Argonne National Laboratory},
   title     = {The Experimental Physics and  Industrial Control System website,\hyperref{http://www.aps.anl.gov/epics/index.php}{}{}{http://www.aps.anl.gov/epics/index.php}},
   year      = {2006},
   institution = {Argonne National Laboratory}
}

@misc{Labview,
   author    = {National Instruments Labview},
   title     = {\hyperref{http://www.ni.com/labview/}{}{}{http://www.ni.com/labview/}},
   year      = {2009},
   institution = {National Instruments},   
}


@misc{nxyter,
   author    = {Walter F.J. M\"uller},
   title     = {The n-XYTER Starter Kit, \hyperref{http://cbm-wiki.gsi.de/cgi-bin/view/NXYTER/NXYTER-StarterKit}{}{}{http://cbm-wiki.gsi.de/cgi-bin/view/NXYTER/NXYTER-StarterKit}},
   year      = {2009},
   institution = {The CBM collaboration}
   
}

@misc{SystemC-home,
   author    = {},
   title     = {SystemC website: \hyperref{http://www.systemc.org/}{}{}{http://www.systemc.org/}},
   year      = {2009},
   institution = { },
   address   ={}
}


@misc{Wikipedia-Statemachine,
   author    = {The Wikipedia},
   title     = {Finite State Machine: \hyperref{http://en.wikipedia.org/wiki/State\_machine}{}{}{http://en.wikipedia.org/wiki/State\_machine}},
   year      = {2009},
   institution = {Wikipedia}   
}




